
@book{Heath2002,
 author = {Heath, M.T.},
 title = {{Scientific computing}},
 year = {2002}
}
